@online{towards-data-science-img,
    title = {Neural Style Transfer Tutorial},
    howpublished = {\url{https://cutt.ly/KttKudb}},
    year = 2018
}

@online{medium-neural-artistic-style-transfer,
    title = {Neural Artistic Style Transfer: A Comprehensive Look},
    howpublished = {\url{https://cutt.ly/0ttKiQ6}},
    year = 2017
}

@online{1508-06576,
    title = {A Neural Algorithm of Artistic Style},
    howpublished = {\url{https://cutt.ly/1ttKbT6}},
    year = 2015
}

@online{github-neural-style-transfer,
    title = {Neural Style Transfer \& Neural Doodles},
    howpublished = {\url{https://cutt.ly/PttKnYk}},
    year = 2019
}

@online{tensorflow-style-transfer,
    title = {Neural style transfer},
    howpublished = {\url{https://cutt.ly/YttKmSr}},
    year = 2020
}

@online{1705-04058,
    title = {Neural Style Transfer: A Review},
    howpublished = {\url{https://cutt.ly/DttKQK3}},
    year = 2018
}
